
@article{srikant1996,
  author = {Srikant, Ramakrishnan and Agrawal, Rakesh},
  title = {Mining Quantitative Association Rules in Large Relational Tables},
  journal = {ACM SIGMOD Record},
  volume = {25},
  number = {1},
  month = {jun},
  year = {1996},
  pages = {1--10},
  doi = {10.1145/235968.233311},
  publisher = {ACM},
  address = {New York, NY, USA},
}
